

%%%%%%%%%%%%%%%%%%%%%%%%%%%%%%%%%%%%%%%%%%%%%%%%%%%%%%%%%%%%%%%%%%%%%%%%%%%%%%%%
% SAAQ Traffic Ticket Paper:
% Bibliography
%%%%%%%%%%%%%%%%%%%%%%%%%%%%%%%%%%%%%%%%%%%%%%%%%%%%%%%%%%%%%%%%%%%%%%%%%%%%%%%%




@ARTICLE{becker1968,
  title = {Crime and Punishment: An Economics Approach},
  author = {Becker, G.},
  year = {1968},
  journal = {Journal of Political Economy},
  volume = {76},
  number = {2},
  pages = {169-217},
  abstract = {},
  url = {}
}


@ARTICLE{bjm2014,
  title = {Crime Deterrence: Evidence From the London 2011 Riots},
  author = {Bell, B. and Jaitman, L. and Machin, S.},
  year = {2014},
  journal = {The Economic Journal},
  volume = {124},
  number = {},
  pages = {480-506},
  abstract = {},
  url = {}
}


@TECHREPORT{bennedittiniNicita2009,
  title = {Deterrence, Incapacitation and Enforcement Design. Evidence from Traffic Enforcement in Italy},
  author = {Benedittini, S. and Nicita, A.},
  year = {2009},
  institution = {Universita degli studi die Siena Quaderni del dipartimento di economia politica},
  type = {},
  number = {n. 564},
  abstract = {},
  url = {}
}


@ARTICLE{bourgeonpicard2007,
  title = {Point record driving license and road safety: an economic approach},
  author = {Bourgeon, J.M. and Picard, P.},
  year = {2007},
  journal = {Journal of Public Economics},
  volume = {91},
  number = {},
  pages = {235-258},
  abstract = {},
  url = {}
}


@ARTICLE{deangelohansen2014,
  title = {Life and death in the fast lane: Police enforcement and traffic fatalities},
  author = {DeAngelo, G. and Hansen, B.},
  year = {2014},
  journal = {American Economic Journal: Economic Policy},
  volume = {6},
  number = {2},
  pages = {231-257},
  abstract = {},
  url = {}
}


@ARTICLE{dionneetal2011,
  title = {Incentive Mechanisms for Safe Driving: A Comparative Analysis with Dynamic Data},
  author = {Dionne, G. and Others},
  year = {2011},
  journal = {Review of Economics and Statistics},
  volume = {93},
  number = {1},
  pages = {218-227},
  abstract = {},
  url = {}
}


@ARTICLE{ditellaschar2004,
  title = {Do Police Reduce Crime? Estimates Using the Allocation of Police Forces After a Terrorist Attack},
  author = {Di Tella, R. and Schargrodsky, E.},
  year = {2004},
  journal = {American Economic Review},
  volume = {94},
  number = {1},
  pages = {115-133},
  abstract = {},
  url = {}
}


@ARTICLE{dmw2011,
  title = {Panic on the Streets of London: Police, Crime, and the July 2005 Terror Attacks},
  author = {Draca, M. and Machin, S. and Witt, R.},
  year = {2011},
  journal = {American Economic Review},
  volume = {101},
  number = {5},
  pages = {2157-81},
  abstract = {},
  url = {}
}


@ARTICLE{evansowens2007,
  title = {COPS and crime},
  author = {Evans, W.N. and Owens, E.G.},
  year = {2007},
  journal = {Journal of Public Economics},
  volume = {91},
  number = {1-2},
  pages = {181-201},
  abstract = {},
  url = {}
}


@ARTICLE{haque1990,
  title = {Evaluation of the demerit point system in deterring traffic offenses},
  author = {Haque, M.O.},
  year = {1990},
  journal = {Evaluation Review},
  volume = {14},
  number = {1},
  pages = {22-41},
  abstract = {},
  url = {}
}


@ARTICLE{hansen2015,
  title = {Punishment and Deterrence: Evidence from Drunk Driving},
  author = {Hansen, B.},
  year = {2015},
  journal = {American Economic Review},
  volume = {105},
  number = {4},
  pages = {1581-1617},
  abstract = {},
  url = {}
}


@ARTICLE{hellandtabarrok2007,
  title = {Does Three Strikes Deter?: A Nonparametric Estimation},
  author = {Helland, E. and Tabarrok, A.},
  year = {2007},
  journal = {Journal of Human Resources},
  volume = {42},
  number = {2},
  pages = {309-330},
  abstract = {},
  url = {}
}


@ARTICLE{hussetal2006,
  title = {Speeding and maxillofacial injuries: Impact of the introduction of penalty points for speeding offences},
  author = {Hussain, O.T. and OtherAuthors},
  year = {2006},
  journal = {British Journal of Oral and Maxillofacial Surgery},
  volume = {44},
  number = {1},
  pages = {15-19},
  abstract = {},
  url = {}
}


@ARTICLE{klicktabarrock2005,
  title = {Using Terror Alert Levels to Estimate the Effect of Police on Crime},
  author = {Klick, J. and Tabarrok, A.},
  year = {2005},
  journal = {Journal of Law and Economics},
  volume = {48},
  number = {1},
  pages = {267-79},
  abstract = {},
  url = {}
}


@ARTICLE{levitt1997,
  title = {Using Electoral Cycles in Police Hiring to Estimate the Effect of Police on Crime},
  author = {Levitt, S.},
  year = {1997},
  journal = {The American Economic Review},
  volume = {87},
  number = {3},
  pages = { 270-90},
  abstract = {},
  url = {}
}


@ARTICLE{levittmiles2006,
  title = {Economic Contributions to the Understanding of Crime},
  author = {Levitt, S. and Miles, T.},
  year = {2006},
  journal = {Annual Review of Law and Social Science},
  volume = {2},
  number = {},
  pages = {147-164},
  abstract = {},
  url = {}
}


@ARTICLE{shi2009,
  title = {The limit of oversight in policing: Evidence from the 2001 Cincinnati riot},
  author = {Shi, L.},
  year = {2009},
  journal = {Journal of Public Economics},
  volume = {93},
  number = {1-2},
  pages = {99-113},
  abstract = {},
  url = {}
}


@TECHREPORT{tardiff2010,
  title = {Les Infraction et les sanctions reliees a la conduite d'un vehicule routier},
  author = {Tardif, F.},
  year = {2010},
  institution = {Societe Assurance Automobile du Quebec},
  type = {Dossier statistique},
  abstract = {},
  url = {}
}


@ARTICLE{pulido2010,
  title = {Impact of the demerit point system on road traffic accident mortality in Spain},
  author = {Pulido and Others},
  year = {2010},
  journal = {Journal of Epidemiology and Community Health},
  volume = {64},
  number = {},
  pages = {264-276},
  abstract = {},
  url = {}
}






%%%%%%%%%%%%%%%%%%%%%%%%%%%%%%%%%%%%%%%%%%%%%%%%%%%%%%%%%%%%%%%%%%%%%%%%%%%%%%%%
%%%%%%%%%%%%%%%%%%%%%%%%%%%%%%%%%%%%%%%%%%%%%%%%%%%%%%%%%%%%%%%%%%%%%%%%%%%%%%%%
